% This file was created with JabRef 2.10b2.
% Encoding: UTF-8


@Other{amazon:pi1,
  Title                    = {Amazon Raspberry Pi 1},
  Author                   = {Amazon},
  Bdsk-url-1               = {https://www.amazon.de/Raspberry-Pi-RBCA000-Mainboard-1176JZF-S/dp/B008PT4GGC/ref=sr_1_1?ie=UTF8&qid=1466680050&sr=8-1&keywords=raspberry+pi+1},
  Date-modified            = {2016-06-23 09:36:25 +0000},
  Note                     = {[Online; Stand 23. Juni 2015]},
  Owner                    = {cptigu},
  Timestamp                = {2016.06.23},
  Url                      = {https://www.amazon.de/Raspberry-Pi-RBCA000-Mainboard-1176JZF-S/dp/B008PT4GGC/ref=sr_1_1?ie=UTF8&qid=1466680050&sr=8-1&keywords=raspberry+pi+1},
  Year                     = {2016}
}

@Other{amazon:pi2,
  Title                    = {Amazon Raspberry Pi 2},
  Author                   = {Amazon},
  Bdsk-url-1               = {https://www.amazon.de/Raspberry-Pi-quad-core-Cortex-A7-compatibility/dp/B00T2U7R7I/ref=sr_1_2?ie=UTF8&qid=1466680926&sr=8-2&keywords=raspberry+pi+1},
  Date-modified            = {2016-06-23 09:36:25 +0000},
  Note                     = {[Online; Stand 23. Juni 2015]},
  Owner                    = {cptigu},
  Timestamp                = {2016.06.23},
  Url                      = {https://www.amazon.de/Raspberry-Pi-quad-core-Cortex-A7-compatibility/dp/B00T2U7R7I/ref=sr_1_2?ie=UTF8&qid=1466680926&sr=8-2&keywords=raspberry+pi+1},
  Year                     = {2016}
}

@Other{amazon:pi3,
  Title                    = {Amazon Raspberry Pi 3},
  Author                   = {Amazon},
  Bdsk-url-1               = {https://www.amazon.de/Raspberry-Pi-3-Model-B/dp/B01CEFWQFA/ref=sr_1_3?ie=UTF8&qid=1466680050&sr=8-3&keywords=raspberry+pi+1},
  Date-modified            = {2016-06-23 09:36:25 +0000},
  Note                     = {[Online; Stand 23. Juni 2015]},
  Owner                    = {cptigu},
  Timestamp                = {2016.06.23},
  Url                      = {https://www.amazon.de/Raspberry-Pi-3-Model-B/dp/B01CEFWQFA/ref=sr_1_3?ie=UTF8&qid=1466680050&sr=8-3&keywords=raspberry+pi+1},
  Year                     = {2016}
}

@Article{artcl:thorbo,
  Title                    = {Secure Shell (ssh) Seminar: Simulationen mit User Mode Linux WS 2005/06},
  Author                   = {Bormer, Thorsten},

  Timestamp                = {2016.06.17}
}

@Other{uni:boinc,
  Title                    = {BOINC},
  Author                   = {Berkeley University of California},
  Bdsk-url-1               = {http://boinc.berkeley.edu/},
  Date-modified            = {2016-04-5 07:14:00 +0000},
  Note                     = {[Online; Stand 18. Juni 2016]},
  Owner                    = {cptigu},
  Timestamp                = {2016.06.18},
  Url                      = {http://boinc.berkeley.edu/},
  Year                     = {2016}
}

@Other{san:sd,
  Title                    = {SD/SDHC/SDXC Specifications and Compatibility},
  Author                   = {SanDisk Corporation},
  Bdsk-url-1               = {http://kb.sandisk.com/app/answers/detail/a_id/2520/~/sd%2Fsdhc%2Fsdxc-specifications-and-compatibility},
  Date-modified            = {2016-05-29 09:36:25 +0000},
  Note                     = {[Online; Stand 29. Mai 2016]},
  Owner                    = {cptigu},
  Timestamp                = {2016.05.29},
  Url                      = {http://kb.sandisk.com/app/answers/detail/a_id/2520/~/sd%2Fsdhc%2Fsdxc-specifications-and-compatibility},
  Year                     = {2016}
}

@Other{web:winIoT,
  Title                    = {Windows 10 f√ºr Raspberry Pi 2: Erste Testversion kostenlos zum Download - derstandard.at/2000015097563/Windows-10-fuer-Raspberry-Pi-2-Erste-Testversion-kostenlos-zum},
  Author                   = {derstandard.at},
  Bdsk-url-1               = {http://derstandard.at/2000015097563/Windows-10-fuer-Raspberry-Pi-2-Erste-Testversion-kostenlos-zum},
  Date-modified            = {2014-04-30 10:26:00 +0000},
  Note                     = {[Online; Stand 23. Juni 2016]},
  Owner                    = {cptigu},
  Timestamp                = {2016.06.23},
  Url                      = {http://derstandard.at/2000015097563/Windows-10-fuer-Raspberry-Pi-2-Erste-Testversion-kostenlos-zum},
  Year                     = {2015}
}

@Other{ietf:DHCP,
  Title                    = {Dynamic Host Configuration Protocol},
  Author                   = {R. Droms},
  Bdsk-url-1               = {https://tools.ietf.org/html/rfc2131},
  Date-modified            = {1997-03-01 09:36:25 +0000},
  Note                     = {[Online; Stand 24. Mai 2016]},
  Owner                    = {cptigu},
  Timestamp                = {2016.05.24},
  Url                      = {https://tools.ietf.org/html/rfc2131},
  Year                     = {1997}
}

@Other{zabbix:activepassive2,
  Title                    = {lab4.org},
  Author                   = {Thorsten Kramm},
  Bdsk-url-1               = {http://lab4.org/wiki/Zabbix_Items_Daten_per_Agent_sammeln#Welche_Daten_kann_der_Agent_liefern.3F},
  Note                     = {[Online; Stand 11. Juni 2016]},
  Owner                    = {cptigu},
  Timestamp                = {2016.06.11},
  Url                      = {http://lab4.org/wiki/Zabbix_Items_Daten_per_Agent_sammeln#Welche_Daten_kann_der_Agent_liefern.3F},
  Year                     = {2016}
}

@Article{Lin1973,
  Title                    = {An Effective Heuristic Algorithm for the Travelling-Salesman Problem},
  Author                   = {Shen Lin and Brian W. Kernighan},
  Journal                  = {Operations Research},
  Year                     = {1973},
  Pages                    = {498--516},
  Volume                   = {21}
}

@Other{wiki:Nagios,
  Title                    = {Nagios},
  Author                   = {Nagios Enterprises LLC},
  Bdsk-url-1               = {https://www.nagios.org/},
  Date-modified            = {2016-05-29 09:36:25 +0000},
  Note                     = {[Online; Stand 29. Mai 2016]},
  Owner                    = {cptigu},
  Timestamp                = {2016.05.29},
  Url                      = {https://www.nagios.org/},
  Year                     = {2016}
}

@Other{web:readWrite,
  Title                    = {Raspberry Pi's Eben Upton: How We're Turning Everyone Into DIY Hackers},
  Author                   = {Lauren Orsini},
  Bdsk-url-1               = {http://readwrite.com/2014/04/08/raspberry-pi-eben-upton-builders/},
  Date-modified            = {2014-04-08 09:36:25 +0000},
  Note                     = {[Online; Stand 22. Juni 2016]},
  Owner                    = {cptigu},
  Timestamp                = {2014.04.08},
  Url                      = {http://readwrite.com/2014/04/08/raspberry-pi-eben-upton-builders/},
  Year                     = {2014}
}

@Book{book:schreiner,
  Title                    = {Computernetzwerke : von den Grundlagen zur Funktion und Anwendung},
  Author                   = {Schreiner, R"udiger},
  Publisher                = {Hanser},
  Year                     = {2014},

  Address                  = {M"unchen},
  Edition                  = {5., erw. Aufl.},

  Hdsurl                   = {https://hds.hebis.de/hda/Record/HEB34400144X},
  ISBN                     = {9783446441545},
  Uniqueid                 = {HEB34400144X},
  Url                      = {http://www.hanser-elibrary.com/doi/book/10.3139/9783446441545}
}

@Other{zabbix:agent,
  Title                    = {Zabbix},
  Author                   = {Zabbix SIA},
  Bdsk-url-1               = {https://www.zabbix.com/documentation/3.0/manual/concepts/agent},
  Date-modified            = {2016-09-11 09:36:25 +0000},
  Note                     = {[Online; Stand 11. Mai 2016]},
  Owner                    = {cptigu},
  Timestamp                = {2016.05.11},
  Url                      = {#https://www.zabbix.com/documentation/3.0/manual/concepts/agent#}
}

@Other{zabbix:activepassive,
  Title                    = {Zabbix Dokumentation},
  Author                   = {Zabbix SIA},
  Bdsk-url-1               = {https://www.zabbix.com/documentation/3.0/manual/appendix/items/activepassive},
  Note                     = {[Online; Stand . Juni 2016]},
  Owner                    = {cptigu},
  Timestamp                = {2016.06.11},
  Url                      = {https://www.zabbix.com/documentation/3.0/manual/appendix/items/activepassive},
  Year                     = {2016}
}

@Other{zabbix:req,
  Title                    = {Zabbix Anforderungen},
  Author                   = {Zabbix SIA},
  Bdsk-url-1               = {https://www.zabbix.com/documentation/3.0/manual/installation/requirements},
  Note                     = {[Online; Stand . Juni 2016]},
  Owner                    = {cptigu},
  Timestamp                = {2016.06.11},
  Url                      = {https://www.zabbix.com/documentation/3.0/manual/installation/requirements},
  Year                     = {2016}
}

@Other{zabbix:share,
  Title                    = {Zabbix Share},
  Author                   = {Zabbix SIA},
  Bdsk-url-1               = {https://share.zabbix.com/},
  Note                     = {[Online; Stand . Juni 2016]},
  Owner                    = {cptigu},
  Timestamp                = {2016.06.11},
  Url                      = {https://share.zabbix.com/},
  Year                     = {2016}
}

@Other{zabbix:Web,
  Title                    = {Zabbix},
  Author                   = {Zabbix SIA},
  Bdsk-url-1               = {http://www.zabbix.com/about.php},
  Date-modified            = {2016-09-11 09:36:25 +0000},
  Note                     = {[Online; Stand 11. Mai 2016]},
  Owner                    = {cptigu},
  Timestamp                = {2016.05.11},
  Url                      = {http://www.zabbix.com/},
  Year                     = {2016}
}

@Book{book:CN2003,
  Title                    = {Computernetzwerke},
  Author                   = {Tanenbaum, Andrew S.},
  Publisher                = {Pearson Studium},
  Year                     = {2009},

  Address                  = {M"unchen [u.a.]},
  Edition                  = {4. "Uberarb. Aufl., [Nachdr.]},
  Series                   = {i - Informatik},

  Hdsurl                   = {https://hds.hebis.de/hda/Record/HEB217271324},
  ISBN                     = {9783827370464},
  Uniqueid                 = {HEB217271324},
  Url                      = {http://scans.hebis.de/HEBCGI/show.pl?21727132_toc.pdf}
}

@Book{book:CN2s003,
  Title                    = {Computernetzwerke},
  Author                   = {Andrew S. Tanenbaum},
  Publisher                = {PEARSON Studium},
  Year                     = {2003},

  Owner                    = {cptigu},
  Timestamp                = {2016.05.10}
}

@Other{wiki:forkbomb,
  Title                    = {Forkbomb --- Wikipedia{,} Die freie Enzyklopadie},
  Author                   = {Wikipedia},
  Bdsk-url-1               = {https://de.wikipedia.org/wiki/Forkbomb},
  Date-modified            = {2012-09-11 09:36:25 +0000},
  Note                     = {[Online; Stand 11. Mai 2015]},
  Owner                    = {cptigu},
  Timestamp                = {2016.05.11},
  Url                      = {https://de.wikipedia.org/wiki/Forkbomb},
  Year                     = {2015}
}

